@article{cho2014learning,
  title={Learning phrase representations using RNN encoder-decoder for statistical machine translation},
  author={Cho, Kyunghyun and Van Merri{\"e}nboer, Bart and Gulcehre, Caglar and Bahdanau, Dzmitry and Bougares, Fethi and Schwenk, Holger and Bengio, Yoshua},
  journal={arXiv preprint arXiv:1406.1078},
  year={2014}
}

@article{gers2000learning,
  title={Learning to forget: Continual prediction with LSTM},
  author={Gers, Felix A and Schmidhuber, J{\"u}rgen and Cummins, Fred},
  journal={Neural computation},
  volume={12},
  number={10},
  pages={2451--2471},
  year={2000},
  publisher={MIT Press}
}

@article{ravanelli2018light,
  title={Light gated recurrent units for speech recognition},
  author={Ravanelli, Mirco and Brakel, Philemon and Omologo, Maurizio and Bengio, Yoshua},
  journal={IEEE Transactions on Emerging Topics in Computational Intelligence},
  volume={2},
  number={2},
  pages={92--102},
  year={2018},
  publisher={IEEE}
}

@article{su2019extended,
  title={On extended long short-term memory and dependent bidirectional recurrent neural network},
  author={Su, Yuanhang and Kuo, C-C Jay},
  journal={Neurocomputing},
  volume={356},
  pages={151--161},
  year={2019},
  publisher={Elsevier}
}

@article{chung2014empirical,
  title={Empirical evaluation of gated recurrent neural networks on sequence modeling},
  author={Chung, Junyoung and Gulcehre, Caglar and Cho, KyungHyun and Bengio, Yoshua},
  journal={arXiv preprint arXiv:1412.3555},
  year={2014}
}

@article{gruber2020gru,
  title={Are GRU cells more specific and LSTM cells more sensitive in motive classification of text?},
  author={Gruber, Nicole and Jockisch, Alfred},
  journal={Frontiers in artificial intelligence},
  volume={3},
  pages={40},
  year={2020},
  publisher={Frontiers}
}

@article{jing2019gated,
  title={Gated orthogonal recurrent units: On learning to forget},
  author={Jing, Li and Gulcehre, Caglar and Peurifoy, John and Shen, Yichen and Tegmark, Max and Soljacic, Marin and Bengio, Yoshua},
  journal={Neural computation},
  volume={31},
  number={4},
  pages={765--783},
  year={2019},
  publisher={MIT Press One Rogers Street, Cambridge, MA 02142-1209, USA journals-info~â€¦}
}

@article{kingma2014adam,
  title={Adam: A method for stochastic optimization},
  author={Kingma, Diederik P and Ba, Jimmy},
  journal={arXiv preprint arXiv:1412.6980},
  year={2014}
}

@article{dubey2019diffgrad,
  title={diffgrad: An optimization method for convolutional neural networks},
  author={Dubey, Shiv Ram and Chakraborty, Soumendu and Roy, Swalpa Kumar and Mukherjee, Snehasis and Singh, Satish Kumar and Chaudhuri, Bidyut Baran},
  journal={IEEE transactions on neural networks and learning systems},
  volume={31},
  number={11},
  pages={4500--4511},
  year={2019},
  publisher={IEEE}
}

@inproceedings{smith2017cyclical,
  title={Cyclical learning rates for training neural networks},
  author={Smith, Leslie N},
  booktitle={2017 IEEE winter conference on applications of computer vision (WACV)},
  pages={464--472},
  year={2017},
  organization={IEEE}
}

@article{turnbull2008semantic,
  title={Semantic annotation and retrieval of music and sound effects},
  author={Turnbull, Douglas and Barrington, Luke and Torres, David and Lanckriet, Gert},
  journal={IEEE Transactions on Audio, Speech, and Language Processing},
  volume={16},
  number={2},
  pages={467--476},
  year={2008},
  publisher={IEEE}
}

@article{boutell2004learning,
  title={Learning multi-label scene classification},
  author={Boutell, Matthew R and Luo, Jiebo and Shen, Xipeng and Brown, Christopher M},
  journal={Pattern recognition},
  volume={37},
  number={9},
  pages={1757--1771},
  year={2004},
  publisher={Elsevier}
}

@article{elisseeff2001kernel,
  title={A kernel method for multi-labelled classification},
  author={Elisseeff, Andr{\'e} and Weston, Jason},
  journal={Advances in neural information processing systems},
  volume={14},
  pages={681--687},
  year={2001}
}

@article{nanni2021neural,
  title={Neural networks for Anatomical Therapeutic Chemical (ATC)},
  author={Nanni, Loris and Lumini, Alessandra and Brahnam, Sheryl},
  journal={arXiv preprint arXiv:2101.11713},
  year={2021}
}

@article{zhang2015predicting,
  title={Predicting drug side effects by multi-label learning and ensemble learning},
  author={Zhang, Wen and Liu, Feng and Luo, Longqiang and Zhang, Jingxia},
  journal={BMC bioinformatics},
  volume={16},
  number={1},
  pages={1--11},
  year={2015},
  publisher={BioMed Central}
}

@article{shao2020ploc_deep,
  title={pLoc\_Deep-mAnimal: a novel deep CNN-BLSTM network to predict subcellular localization of animal proteins},
  author={Shao, Yu-Tao and Chou, Kuo-Chen},
  journal={Natural Science},
  volume={12},
  number={5},
  pages={281--291},
  year={2020},
  publisher={Scientific Research Publishing}
}

@article{shu2020incorporating,
  title={Incorporating multiple cluster centers for multi-label learning},
  author={Shu, Senlin and Lv, Fengmao and Feng, Lei and Yan, Yan and He, Shuo and He, Jun and Li, Li},
  journal={arXiv preprint arXiv:2004.08113},
  year={2020}
}

@article{chou2013some,
  title={Some remarks on predicting multi-label attributes in molecular biosystems},
  author={Chou, Kuo-Chen},
  journal={Molecular Biosystems},
  volume={9},
  number={6},
  pages={1092--1100},
  year={2013},
  publisher={Royal Society of Chemistry}
}